
@article{brunner_comparison_2006,
	title = {Comparison of four parallel algorithms for domain decomposed implicit Monte Carlo},
	volume = {212},
	issn = {0021-9991},
	url = {http://www.sciencedirect.com/science/article/pii/S0021999105003311},
	doi = {10.1016/j.jcp.2005.07.009},
	abstract = {We consider four asynchronous parallel algorithms for Implicit Monte Carlo {(IMC)} thermal radiation transport on spatially decomposed meshes. Two of the algorithms are from the production codes {KULL} from Lawrence Livermore National Laboratory and Milagro from Los Alamos National Laboratory. Improved versions of each of the existing algorithms are also presented. All algorithms were analyzed in an implementation of the {KULL} {IMC} package in {ALEGRA}, a Sandia National Laboratory high energy density physics code. The improved Milagro algorithm performed the best by scaling almost linearly out to 244 processors for well load balanced problems.},
	number = {2},
	urldate = {2012-09-20},
	journal = {Journal of Computational Physics},
	author = {Brunner, Thomas A. and Urbatsch, Todd J. and Evans, Thomas M. and Gentile, Nicholas A.},
	month = mar,
	year = {2006},
	keywords = {Monte Carlo methods, Parallel computation, Radiative transfer},
	pages = {527--539},
	file = {brunner_2006.pdf:/home/stuart/Documents/library/zotero/brunner_2006.pdf:application/pdf;ScienceDirect Snapshot:/home/stuart/.zotero/zotero/yp6a6wb6.default/zotero/storage/NAZSRKXN/ezproxyiaa.html:text/html}
},

@article{danilov_asymptotic_2000,
	title = {Asymptotic complexity of Monte Carlo methods for solving linear systems},
	volume = {85},
	issn = {0378-3758},
	url = {http://www.sciencedirect.com/science/article/pii/S0378375899000609},
	doi = {10.1016/S0378-3758(99)00060-9},
	number = {1-2},
	journal = {Journal of Statistical Planning and Inference},
	author = {Danilov, {D.L.} and Ermakov, {S.M.} and Halton, {J.H.}},
	month = apr,
	year = {2000},
	keywords = {Algorithm complexity, Collision estimator, Linear systems, Monte Carlo method},
	pages = {5--18},
	file = {danilov_2000.pdf:/home/stuart/Documents/library/zotero/danilov_2000.pdf:application/pdf}
},

@book{duderstadt_nuclear_1976,
	edition = {1},
	title = {Nuclear Reactor Analysis},
	isbn = {0471223638},
	publisher = {Wiley},
	author = {Duderstadt, James J. and Hamilton, Louis J.},
	month = jan,
	year = {1976}
},

@article{forsythe_matrix_1950,
	title = {Matrix Inversion by a Monte Carlo Method},
	volume = {4},
	copyright = {Copyright Â© 1950 American Mathematical Society},
	issn = {0891-6837},
	url = {http://www.jstor.org/stable/2002508},
	doi = {10.2307/2002508},
	number = {31},
	urldate = {2012-09-19},
	journal = {Mathematical Tables and Other Aids to Computation},
	author = {Forsythe, George E. and Leibler, Richard A.},
	month = jul,
	year = {1950},
	note = {{ArticleType:} research-article / Full publication date: Jul., 1950 / Copyright 1950 American Mathematical Society},
	pages = {127--129},
	file = {forsythe_1950.pdf:/home/stuart/Documents/library/zotero/forsythe_1950.pdf:application/pdf;JSTOR Full Text PDF:/home/stuart/.zotero/zotero/yp6a6wb6.default/zotero/storage/KMAKHHCT/Forsythe and Leibler - 1950 - Matrix Inversion by a Monte Carlo Method.pdf:application/pdf}
},

@book{leveque_finite_2007,
	title = {Finite Difference Methods for Ordinary and Partial Differential Equations: Steady-State and Time-Dependent Problems},
	isbn = {0898716292},
	shorttitle = {Finite Difference Methods for Ordinary and Partial Differential Equations},
	publisher = {{SIAM}, Society for Industrial and Applied Mathematics},
	author = {{LeVeque}, Randall},
	month = jul,
	year = {2007},
	file = {LeVeque2007.pdf:/home/stuart/Documents/books/Math/LeVeque2007/LeVeque2007.pdf:application/pdf}
},

@article{siegel_analysis_2012,
	title = {Analysis of communication costs for domain decomposed Monte Carlo methods in nuclear reactor analysis},
	volume = {231},
	issn = {0021-9991},
	url = {http://www.sciencedirect.com/science/article/pii/S0021999111007261},
	doi = {10.1016/j.jcp.2011.12.014},
	abstract = {A domain decomposed Monte Carlo communication kernel is used to carry out performance tests to establish the feasibility of using Monte Carlo techniques for practical Light Water Reactor {(LWR)} core analyses. The results of the prototype code are interpreted in the context of simplified performance models which elucidate key scaling regimes of the parallel algorithm.},
	number = {8},
	urldate = {2012-09-21},
	journal = {Journal of Computational Physics},
	author = {Siegel, A. and Smith, K. and Fischer, P. and Mahadevan, V.},
	month = apr,
	year = {2012},
	keywords = {Monte Carlo, Neutron transport, Performance modeling, Reactor analysis},
	pages = {3119--3125},
	file = {ScienceDirect Full Text PDF:/home/stuart/.zotero/zotero/yp6a6wb6.default/zotero/storage/AACS4XHC/Siegel et al. - 2012 - Analysis of communication costs for domain decompo.pdf:application/pdf;ScienceDirect Snapshot:/home/stuart/.zotero/zotero/yp6a6wb6.default/zotero/storage/I4HU7A8H/S0021999111007261.html:text/html;seigel_2012_2.pdf:/home/stuart/.zotero/zotero/yp6a6wb6.default/zotero/storage/2F68IJIX/seigel_2012_2.pdf:application/pdf}
},

@book{spanier_monte_1969,
	address = {New York},
	title = {Monte Carlo Principles and Neutron Transport Problems},
	publisher = {Dover Publications},
	author = {Spanier, Jerome and Gelbard, Ely M.},
	year = {1969}
}