%------------------------------------- A ------------------------------------%

@article{anasazi_2009,
author = "C.G. Baker and U.L. Hetmaniuk and R.B. Lehoucq and
                  H.K. Thornquist",
title = "Anasazi software for the numerical solution of large-scale
                  eigenvalue problems",
year = "2009",
journal = "ACM Transactions of Mathematical Software",
volume = "36",
issue = "3"
}

@article{aztecoo_2007,
author = "M.A. Heroux",
title = "AztecOO User Guide",
year = "2007",
journal = "Sandia National Laboratories",
number = "SAND2004-3796"
}

%------------------------------------- B ------------------------------------%

@article{bartlett_2006,
  Author =       {Roscoe A. Bartlett and David M. Gay and Eric T. Phipps},
  Title =        {Automatic Differentiation of {C}++ Codes for Large-Scale
                  Scientific Computing},
  Journal =      {International Conference on Computation Science},
  Pages =        {525-532},
  year =         {2006}
}

%------------------------------------- C ------------------------------------%

@article{cai_2002,
  author =       {Cai, X.C. and Keyes, D.E.},
  title =        {Nonlinearly Preconditioned Inexact {N}ewton Algorithms},
  journal =      {SIAM Journal of Scientific Computing},
  year =         2002,
  volume =       24,
  number =       1,
  pages =        {183-200}
}

@article{conlin_2011,
  author =       {J.L. Conlin and J.P. Holloway},
  title =        {{M}onte {C}arlo Application of {A}rnoldi's Method for
                  Acceleration of Eigenvalue and Fission Source Convergence},
  journal =      {Nuclear Science and Engineering},
  year =         2011,
  volume =       169,
  pages =        {168--177}
}

%------------------------------------- D ------------------------------------%

@article{davis_1983,
  author =       {De Vahl Davis, G.},
  title =        {Natural Convection of Air in a Square Cavity: A
                  Bench Mark Numerical Solution},
  journal =      {International Journal for Numerical Methods in Fluids},
  year =         1983,
  volume =       3,
  pages =        {249--264}
}

@techreport{darpa-exascale_2008,
  author =       {P. Kogge and others},
  title =        {ExaScale Computing Study: Technology Challenges in Achieving
                  Exascale Systems Peter Kogge, Editor and Study Lead},
  year =         {2008}
}

@article{dembo_1982,
  author =       {Dembo, R.S. and Eisenstat, S.C. and Steihaug, T.},
  title =        {Inexact {N}ewton Methods},
  journal =      {SIAM Journal on Numerical Analysis},
  year =         1982,
  volume =       19,
  number =       2,
  pages =        {400--408}
}

%------------------------------------- E ------------------------------------%

@article{eisenstat_1996,
  author = "Eisenstat, S.C. and Walker, H.F.",
  title = "Choosing the Forcing Terms in an Inexact {N}ewton Method",
  year = "1996",
  journal = "SIAM Journal of Scientific Computing",
  number = "1",
  volume = "17",
  pages = "16--32"
}

@article{epetra_2009,
author = "M.A. Heroux",
title = "Epetra Performance Optimization Guide",
year = "2009",
journal = "Sandia National Laboratories",
number = "SAND2005-1668"
}

@article{evans_2003,
  Author =       {Evans, T.M. and Urbatsch, T.J. and Lichtenstein, H. and
                  Morel, J.E.},
  Journal =      {Journal of Computational Physics},
  Pages =        {539--556},
  Title =        {A residual {M}onte {C}arlo method for discrete thermal
                  radiative diffusion},
  Volume =       {189},
  Year =         {2003}
}

@article{evans_2006,
  author =       {Evans, Katherine J and Knoll, D A and Pernice, Michael},
  title =        {{Development of a 2-D algorithm to simulate convection and
                  phase transition efficiently}},
  journal =      {Journal of Computational Physics},
  year =         {2006},
  volume =       {219},
  number =       {1},
  pages =        {404--417},
  month =        nov
}

@article{evans_2007,
  author =       {Evans, Katherine J and Knoll, D A and Pernice, Michael},
  title =        {{Enhanced algorithm efficiency for phase change convection
                  using a multigrid preconditioner with a SIMPLE smoother}},
  journal =      {Journal of Computational Physics},
  year =         {2007},
  volume =       {223},
  number =       {1},
  pages =        {121--126},
  month =        apr
}

@InProceedings{evans_2009,
  author =       {T.M. Evans and S.W. Mosher},
  title =        {A {M}onte {C}arlo Synthetic Acceleration Method for the
                  Non-Linear, Time-Dependent Diffusion Equation},
  booktitle =    {International Conference on Mathematics, Computational
                  Methods, and Reactor Physics},
  year =         2009,
  number =       {ISBN: 978-0-89448-069-0},
  publisher =    {ANS}
}

@InProceedings{evans_2009_2,
  author =       {T.M. Evans},
  title =        {Software Quality Engineering by Parts},
  booktitle =    {IEEE NSS/MIC},
  year =         2009,
  month =        {Oct},
  organization = {IEEE}
}

@article{evans_2010,
    author = "T. Evans and A. Stafford and R. Slaybaugh and  K. Clarno",
    title = "Denovo: a new three-dimensional parallel discrete ordinates code in SCALE",
    journal = "Nuclear Technology",
    year = "2010",
    volume = "171",
    pages = "171-200"
}

%------------------------------------- F ------------------------------------%

@article{forsythe_1950,
  author =       {G.E. Forsythe and R.A. Leibler},
  title =        {Matrix Inversion by a {M}onte {C}arlo Method},
  journal =      {MTAC},
  year =         1950,
  volume =       4,
  pages =        {127--129}
}

%------------------------------------- G ------------------------------------%

@article{gartling_1990,
Author = "Gartling, D.K.",
Title = "A Test Problem for Outflow Boundary Conditions - Flow Over a
                  Backward-Facing Step",
Journal = "International Journal for Numerical Methods in Fluids",
Year = "1990",
volume = "11",
pages = "953-967"
}

@article{gaston_2009,
Author = "D. Gaston and G. Hansen and S. Kadioglu and D. Knoll and
                  C. Newman and H. Park and C. Permann and
                  W. Taitano",
Title = "Parallel multiphysics algorithms and software for
                  computational nuclear engineering",
Journal = "Journal of Computational Physics: Conference Series",
Year = "2009",
volume = "180",
}

@article{ghia_1982,
Author = "Ghia, U. and Ghia, K.N. and Shin, C.T.",
Title = "High-{RE} Solutions for Incompressible Flow Using the
                  {N}avier-{S}tokes Equations and a Multigrid Method",
Journal = "Journal of Computational Physics",
Year = "1982",
volume = "48",
pages = "387-411"
}

@article{gropp_2001,
Author = "Gropp, W.D. and Kaushik, D.K. and Keyes, D.E. and Smith, B.F.",
Title = "High-Performace Parallel Implicit CFD",
Journal = "Parallel Computing",
Year = "2001",
volume = "27",
pages = "337-362"
}

%------------------------------------- H ------------------------------------%

@article{halton_1962,
  Author =       {Halton, J.H.},
  Journal =      {Proc. Camb. Phil. Soc.},
  Pages =        {57---78},
  Title =        {Sequential {M}onte {C}arlo},
  Volume =       {58},
  Year =         {1962}
}

@article{halton_1994,
  Author =       {Halton, J.H.},
  Journal =      {Journal of Scientific Computing},
  Pages =        {213--257},
  Title =        {Sequential {M}onte {C}arlo Techniques for the Solution of
                  Linear Systems},
  Volume =       {9},
  Year =         {1994}
}

@book{hammersley_1964,
  Author =       {Hammersley, J.M. and Handscomb, D.C.},
  Publisher =    {Spottiswoode, Ballantyne, and Co.},
  Title =        {{M}onte {C}arlo Methods},
  Year =         {1964}
}

@article{hughes_1986,
  Author =       {Hughes, T.J.R. and Franca, L.P. and Balestra, M.},
  Journal =      {Computer Methods in Applied Mechanics and Engineering},
  Pages =        {85-99},
  Title =        {A New Finite Element Formulation for Computation
                  Fluid Dynamics: {V}. Circumventing the
                  {B}abuska-{B}rezzi Condition: A stable
                  {P}etrov-{G}alerkin formulation of the {S}tokes
                  Problem Accommodating Equal-Order Interpolations},
  Volume =       {59},
  Year =         {1986}
}

%------------------------------------- I ------------------------------------%

@TechReport{ifpack_2005,
  author      =  {M. Sala and M. Heroux},
  title       =  {Robust Algebraic Preconditioners with {IFPACK} 3.0},
  institution =  {Sandia National Laboratories},
  year        =  {2005},
  number      =  {SAND-0662},
}

%------------------------------------- J ------------------------------------%

%------------------------------------- K ------------------------------------%

@book{kelley_1995,
  Address =      {Philadelphia, PA},
  Author =       {Kelley, C.T.},
  Title =        {Iterative Methods for Linear and Nonlinear Equations},
  Year =         {1995}
}

@book{kniberg_2010,
  author =       {Kniberg, H and Skarin, M},
  title =        {{Kanban and Scrum}},
  publisher =    {InfoQ},
  year =         {2010},
  month =        mar
}

@article{knoll_1995,
  author =       {Knoll, D.A. and McHugh, P.R.},
  title =        {{N}ewton-{K}rylov methods applied to a system of
                  convection-diffusion-reaction equations},
  journal =      {Computer Physics Communications},
  year =         1995,
  volume =       88,
  pages =        {141-160}
}

@article{knoll_2004,
  author =       {Knoll, D A and Keyes, D.E.},
  title =        {{J}acobian-{F}ree {N}ewton-{K}rylov methods: a
                  survey of approaches and applications}},
  journal =      {Journal of Computational Physics},
  year =         2004,
  volume =       193,
  pages =        {357--397}
}

%------------------------------------- L ------------------------------------%

@article{larsen_1980,
  author =       {Larsen, E W and Pomraning, G.C.},
  title =        {{Asymptotic Analysis of Nonlinear {M}arshak Waves}},
  journal =      {SIAM Journal on Applied Mathematics},
  year =         {1980},
  volume =       {39},
  number =       {2},
  pages =        {201--212}
}

@book{leveque_2002,
author = "R.J. LeVeque",
title = "Finite Volume Methods for Hyperbolic Problems",
year = "2002",
publisher = "Cambridge University Press"
}

@book{leveque_2007,
author = "R.J. LeVeque",
title = "Finite Difference Methods for Ordinary and Partial
                  Differential Equations",
year = "2007",
publisher = "Society for Industrial and Applied Mathematics"
}

@book{lewis_1993,
Author = "E.E. Lewis and W.F. Miller",
Title = "Computational Methods of Neutron Transport",
Year = "1993",
publisher = "American Nuclear Society"
}

%------------------------------------- M ------------------------------------%

@article{mchugh_1994,
  Author =       {McHugh, P.R. and Knoll, D.A},
  Journal =      {International Journal for Numerical Methods in Fluids},
  Pages =        {439--455},
  Title =        {Fully Coupled Finite Volume Solutions of the
                  Incompressible {N}avier-{S}tokes and Energy Equations
                  Using an Inexact {N}ewton Method},
  Volume =       {19},
  Year =         {1994}
}

@article{morel_1996,
  Author =       {Morel, J.E. and Wareing, Todd A. and Smith, Kenneth},
  Folder =       {Transport Group MOREL 1},
  Journal =      {Journal of Computational Physics},
  Pages =        {445--462},
  Title =        {A Linear-Discontinuous Spatial Differencing Scheme for
                  {$S_n$} Radiative Transfer Calculations},
  Volume =       {128},
  Year =         {1996}
}

%------------------------------------- N ------------------------------------%

@article{nachtigal_1992,
  author =       {Nachtigal, N.M. and Reddy, S.C. and Trefethen, L.N.},
  title =        {How Fast are Nonsymmetric Matrix Iterations?},
  journal =      {SIAM Journal of Matrix Analysis Applications},
  year =         {1992},
  volume =       {13},
  number =       {3},
  pages =        {778--795}
}

@article{notz_2010,
  author =       {Notz, P K and Pawlowski, R P and Sutherland, J C},
  title =        {{Graph-based software design for managing complexity and
                  enabling concurrency in multiphysics {PDE} software}},
  journal =      {ACM Transactions on Mathematical Software},
  year =         {2010},
  volume =       {40},
  pages =        {1--24}
}

%------------------------------------- O ------------------------------------%

%------------------------------------- P ------------------------------------%

@article{pawlowski_2006,
  author =       {Pawlowski, R.P. and Shadid, J.N. and Simonis,
                  J.P. and Walker, H.F.},
  title =        {Globalization Techniques for {N}ewton-{K}rylov Methods
                  and Applications to the Fully Coupled Solution of
                  the {N}avier-{S}tokes Equations},
  journal =      {SIAM Review},
  year =         {2006},
  volume =       {48},
  number =       {4},
  pages =        {700--712}
}

@techreport{pawlowski_2008,
  author =       {Pawlowski, R and Phipps, E and Notz, P},
  title =        {{Phalanx}},
  year =         {2008}
}

@article{pernice_2001,
  author =       {Pernice, M and Tocci, M D},
  title =        {{A Multigrid-Preconditioned {N}ewton-{K}rylov Method for the
                  Incompressible {N}avier-{S}tokes Equations}},
  journal =      {SIAM Journal of Scientific Computing},
  year =         {2001},
  volume =       {23},
  pages =        {398--418},
  month =        jul
}

%------------------------------------- Q ------------------------------------%

%------------------------------------- R ------------------------------------%

%------------------------------------- S ------------------------------------%

@article{saad_1986,
  author =       {Saad, Y. and Schultz, M.H},
  title =        {A Generalized Minimal Residual Algorithm for Solving
                  Nonsymmetric Linear Systems},
  journal =      {SIAM Journal on Scientific and Statistical Computing},
  year =         1986,
  volume =       7,
  number =       14,
  pages =        {856-869}
}

@article{saad_1993,
  author =       {Y. Saad},
  title =        {A flexible inner-outer preconditioned {GMRES} algorithm},
  journal =      {SIAM Journal on Scientific Computing},
  year =         1993,
  volume =       14,
  pages =        {461--469}
}

@book{saad_2003,
Author = {Yousef Saad},
Title = {Iterative Methods for Sparse Linear Systems},
Year = {2003},
Publisher = {Society for Industrial and Applied Mathematics}
}

@article{shadid_1994,
  author =       {Shadid, J.N. and Tuminaro, R.S.},
  title =        {A Comparison of Preconditioned Nonsymetric {K}rylov
                  Methods on a Large-Scale {MIMD} Machine},
  journal =      {SIAM Journal of Scientific Computing},
  year =         {1994},
  volume =       {15},
  number =       {2},
  pages =        {440--459}
}

@article{shadid_1997,
  author =       {Shadid, J.N. and Tuminaro, R.S. and Walker, H.F.},
  title =        {An Inexact {N}ewton Method for Fully Coupled Solution
                  of the {N}avier-{S}tokes Equations with Heat and Mass
                  Transport},
  journal =      {Journal of Computational Physics},
  year =         {1997},
  volume =       {137},
  pages =        {155--185}
}

%------------------------------------- T ------------------------------------%

@book{tannehill_1997,
Author = {John C. Tannehill and Dale A. Anderson and Richard
                  H. Pletcher},
Title = {Computational Fluid Mechanics and Heat Transfer},
Year = {1997},
Publisher = {Taylor and Francis}
}

@book{trefethen_1997,
  Address =      {Philadelphia, PA},
  Author =       {Trefethen, L.N. and Bau, III, D.},
  Publisher =    {SIAM},
  Title =        {Numerical Linear Algebra},
  Year =         {1997}
}

@article{trilinos_2005,
author = {Michael A. Heroux and Roscoe A. Bartlett and Vicki E. Howle
                  and Robert J. Hoekstra and Jonathan J. Hu and Tamara
                  G. Kolda and Richard B. Lehoucq and Kevin R. Long
                  and Roger P. Pawlowski and Eric T. Phipps and Andrew
                  G. Salinger and Heidi K. Thornquist and Ray
                  S. Tuminaro and James M. Willenbring and Alan
                  Williams and Kendall S. Stanley},
title = {An overview of the {T}rilinos project},
journal = {ACM Transactions of Mathematical Software},
volume = {31},
number = {3},
year = {2005},
issn = {0098-3500},
pages = {397--423},
doi = {http://doi.acm.org/10.1145/1089014.1089021},
publisher = {ACM Press},
address = {New York, NY, USA}
}

%------------------------------------- U ------------------------------------%

%------------------------------------- V ------------------------------------%

%------------------------------------- W ------------------------------------%

@article{wagner_2011,
  author =       {Wagner, JC and Mosher, SW and Evans, TM and Peplow, D E and
                  Turner, J A},
  title =        {{Hybrid and Parallel Domain-Decomposition Methods
                  Development to Enable {M}onte {C}arlo for Reactor Analyses}},
  journal =      {Progress in NUCLEAR SCIENCE and TECHNOLOGY},
  year =         {2011},
  volume =       {2},
  pages =        {815--820}
}

%------------------------------------- X ------------------------------------%

%------------------------------------- Y ------------------------------------%

%------------------------------------- Z ------------------------------------%

@book{zienkiewicz_1977,
Author = "Zienkiewicz, O.C.",
Title = "The Finite Element Method",
Year = "1977",
publisher = "McGraw-Hill"
}

%----------------------------------------------------------------------------%