%% This BibTeX bibliography file was created using BibDesk.
%% http://bibdesk.sourceforge.net/


%% Created for Tom Evans at 2006-12-13 09:05:07 -0700


%% Saved with string encoding Western (ASCII)

@article{morel_1996,
  Author =       {Morel, J.E. and Wareing, Todd A. and Smith, Kenneth},
  Date-Added =   {2006-12-12 11:17:34 -0700},
  Date-Modified ={2006-12-12 11:17:34 -0700},
  Folder =       {Transport Group MOREL 1},
  Journal =      {Journal of Computational Physics},
  Local-Url =
                  {file://localhost/Users/tme/bibdesk/papers/Morel/A%20Linear-Discontinuous.pdf},
  Pages =        {445--462},
  Title =        {A Linear-Discontinuous Spatial Differencing Scheme for
                  {$S_n$} Radiative Transfer Calculations},
  Volume =       {128},
  Year =         {1996}
}

@book{kelley_1995,
  Address =      {Philadelphia, PA},
  Author =       {Kelley, C.T.},
  Date-Added =   {2006-12-08 11:36:59 -0700},
  Date-Modified ={2006-12-08 11:36:59 -0700},
  Local-Url =
                  {file://localhost/Users/tme/bibdesk/papers/Kelley/Iterative%20Methods%20for%20Linear%20and%20Nonlinear%20Equations.pdf},
  Publisher =    {SIAM},
  Title =        {Iterative Methods for Linear and Nonlinear Equations},
  Year =         {1995}
}

@book{hammersley_1964,
  Author =       {Hammersley, J.M. and Handscomb, D.C.},
  Date-Added =   {2006-12-08 11:36:42 -0700},
  Date-Modified ={2006-12-08 11:36:42 -0700},
  Local-Url =
                  {file://localhost/Users/tme/bibdesk/papers/Hammersley/Monte%20Carlo%20Methods.pdf},
  Publisher =    {Spottiswoode, Ballantyne, and Co.},
  Title =        {{M}onte {C}arlo Methods},
  Year =         {1964}
}

@book{golub,
  author =       {G.H. Golub and C.F. van Loan},
  title =        {Matrix Computations},
  publisher =    {The Johns Hopkins University Press},
  year =         1996,
  edition =      {third}
}

@article{halton_1962,
  Author =       {Halton, J.H.},
  Date-Added =   {2006-12-08 11:36:33 -0700},
  Date-Modified ={2006-12-08 11:36:33 -0700},
  Journal =      {Proc. Camb. Phil. Soc.},
  Local-Url =
                  {file://localhost/Users/tme/bibdesk/papers/Halton/Sequential%20Monte%20Carlo.pdf},
  Pages =        {57---78},
  Title =        {Sequential {M}onte {C}arlo},
  Volume =       {58},
  Year =         {1962}
}

@article{halton_1994,
  Author =       {Halton, J.H.},
  Date-Added =   {2006-12-08 11:36:33 -0700},
  Date-Modified ={2006-12-08 11:36:33 -0700},
  Journal =      {Journal of Scientific Computing},
  Local-Url =
                  {file://localhost/Users/tme/bibdesk/papers/Halton/Sequential%20Monte%20Carlo%20Techniques%20for%20the%20Solution.pdf},
  Number =       {2},
  Pages =        {213--257},
  Title =        {Sequential {M}onte {C}arlo Techniques for the Solution of
                  Linear Systems},
  Volume =       {9},
  Year =         {1994}
}

@article{evans_2003,
  Author =       {Evans, T.M. and Urbatsch, T.J. and Lichtenstein, H. and
                  Morel, J.E.},
  Date-Added =   {2006-12-08 11:36:06 -0700},
  Date-Modified ={2006-12-08 11:36:06 -0700},
  Journal =      {Journal of Computational Physics},
  Local-Url =
                  {file://localhost/Users/tme/bibdesk/papers/Evans/A%20residual%20Monte%20Carlo%20method%20for%20discrete.pdf},
  Pages =        {539--556},
  Title =        {A residual {M}onte {C}arlo method for discrete thermal
                  radiative diffusion},
  Volume =       {189},
  Year =         {2003}
}

@article{larsen_1980,
  author =       {Larsen, E W and Pomraning, G.C.},
  title =        {{Asymptotic Analysis of Nonlinear Marshak Waves}},
  journal =      {SIAM Journal on Applied Mathematics},
  year =         {1980},
  volume =       {39},
  number =       {2},
  pages =        {201--212}
}

@Article{forsythe,
  author =       {G.E. Forsythe and R.A. Leibler},
  title =        {Matrix Inversion by a {M}onte {C}arlo Method},
  journal =      {MTAC},
  year =         1950,
  volume =       4,
  pages =        {127--129}
}

@article{1089021,
  author =       {Michael A. Heroux and Roscoe A. Bartlett and Vicki E. Howle
                  and Robert J. Hoekstra and Jonathan J. Hu and Tamara
                  G. Kolda and Richard B. Lehoucq and Kevin R. Long and Roger
                  P. Pawlowski and Eric T. Phipps and Andrew G. Salinger and
                  Heidi K. Thornquist and Ray S. Tuminaro and James
                  M. Willenbring and Alan Williams and Kendall S. Stanley},
  title =        {An overview of the Trilinos project},
  journal =      {ACM Trans. Math. Softw.},
  volume =       {31},
  number =       {3},
  year =         {2005},
  issn =         {0098-3500},
  pages =        {397--423},
  doi =          {http://doi.acm.org/10.1145/1089014.1089021},
  publisher =    {ACM Press},
  address =      {New York, NY, USA}
}

@techreport{Gee:2007uj,
  author =       {Gee, M W and Siefert, C M and Hu, J J and Tuminaro, R S and
                  Sala, M G},
  title =        {{ML 5.0 Smoothed Aggregation User's Guide}},
  year =         {2007},
  number =       {SAND2006-2649}
}


@Article{dsa,
  author =       {M.L. Adams and W.R. Martin},
  title =        {Diffusion-Synthetic Acceleration of Discontinuous
                  Finite-Element Transport Iterations},
  journal =      {Nuclear Science and Engineering},
  year =         1992,
  volume =    111}
