@book{leveque_2002,
Address = {Cambridge, United Kingdom},
Author = {Randall J. LeVeque},
Publisher = {Cambridge University Press},
Title = {Finite Volume Methods for Hyperbolic Problems},
Year = {2002}
}