@book{Saad_2003,
Author = {Yousef Saad},
Title = {Iterative Methods for Sparse Linear Systems},
Year = {2003},
Publisher = {Society for Industrial and Applied Mathematics}
}

@book{Tannehill_1997,
Author = {John C. Tannehill and Dale A. Anderson and Richard
                  H. Pletcher},
Title = {Computational Fluid Mechanics and Heat Transfer},
Year = {1997},
Publisher = {Taylor and Francis}
}

@book{Trefethen_1997,
Address = {Philadelphia, PA},
Author = {Trefethen, L.N. and Bau, III, D.},
Date-Added = {2006-12-13 08:52:24 -0700},
Date-Modified = {2006-12-13 08:55:44 -0700},
Publisher = {Society of Industrial and Applied Mathematics},
Title = {Numerical Linear Algebra},
Year = {1997}
}

@book{Kelley_1995,
Address = {Philadelphia, PA},
Author = {Kelley, C.T.},
Date-Added = {2006-12-08 11:36:59 -0700},
Date-Modified = {2006-12-08 11:36:59 -0700},
Publisher = {Society of Industrial and Applied Mathematics},
Title = {Iterative Methods for Linear and Nonlinear Equations},
Year = {1995}
}

@book{Hammersley_1964,
Author = {Hammersley, J.M. and Handscomb, D.C.},
Date-Added = {2006-12-08 11:36:42 -0700},
Date-Modified = {2006-12-08 11:36:42 -0700},
Publisher = {Spottiswoode, Ballantyne, and Co.},
Title = {{M}onte {C}arlo Methods},
Year = {1964}}

@article{Halton_1962,
Author = {Halton, J.H.},
Date-Added = {2006-12-08 11:36:33 -0700},
Date-Modified = {2006-12-08 11:36:33 -0700},
Journal = {Procceedings of the Cambridge Philosophical Society},
Pages = {57-78},
Title = {Sequential {M}onte {C}arlo},
Volume = {58},
Year = {1962}}

@article{Halton_1994,
Author = {Halton, J.H.},
Date-Added = {2006-12-08 11:36:33 -0700},
Date-Modified = {2006-12-08 11:36:33 -0700},
Journal = {Journal of Scientific Computing},
Number = {2},
Pages = {213--257},
Title = {Sequential {M}onte {C}arlo Techniques for the Solution of Linear
                  Systems},
Volume = {9},
Year = {1994}}

@article{Evans_2003,
Author = {Evans, T.M. and Urbatsch, T.J. and Lichtenstein, H. and
                  Morel, J.E.},
Date-Added = {2006-12-08 11:36:06 -0700},
Date-Modified = {2006-12-08 11:36:06 -0700},
Journal = {Journal of Computational Physics},
Pages = {539--556},
Title = {A residual {M}onte {C}arlo method for discrete thermal
                  radiative diffusion},
Volume = {189},
Year = {2003}}

@article{Evans_2009,
author = "T.M. Evans and S.W. Mosher",
title = "A {M}onte {C}arlo Synthetic-Acceleration Method for the
                  Non-Linear Time-Dependent Diffusion Equation",
journal = "International Conference on Mathematics, Computational
                  Methods \& Reactor Physics (M\&C 2009)",
year = "2009"
}

@book{LeVeque_2007,
author = "R.J. LeVeque",
title = "Finite Difference Methods for Ordinary and Partial
                  Differential Equations",
year = "2007",
publisher = "Society for Industrial and Applied Mathematics"
}

@article{Gaston_2009,
author = "D. Gaston and G. Hansen and S. Kadioglu and D. Knoll and
                  C. Newman and H. Park and C. Permann and
                  W. Taitano",
title = "Parallel multiphysics algorithms and software for
                  computational nuclear engineering",
journal = "Journal of Computational Physics: Conference Series",
year = "2009",
volume = "180",
}

@article{Knoll_2004,
author = "D. Knoll and D. Keyes",
title = "Jacobian-free Newton-Krylov methods: a survey of approaches
                  and applications",
Journal = "Journal of Computational Physics",
year = "2004",
volume = "913",
pages = "357-397"
}

@book{Lewis_1993,
author = "E.E. Lewis and W.F. Miller",
title = "Computational Methods of Neutron Transport",
year = "1993",
publisher = "American Nuclear Society"
}

@article{Wagner_2011,
author = {John C. Wagner and Scott W. Mosher and Thomas M. Evans and
                  Douglas E. Peplow and John A. Turner},
title = {Hybrid and Parallel Domain-Decomposition Methods Development
                  to Enable {M}onte {C}arlo for Reactor Analyses},
Journal = {Progress in Nuclear Science and Technology},
year = {2011},
volume = {2},
pages = {815-820}
}

@article{Bartlett_2006,
Author = {Roscoe A. Bartlett and David M. Gay and Eric T. Phipps},
Title = {Automatic Differentiation of C++ Codes for Large-Scale
                  Scientific Computing},
Journal = {International Conference on Computation Science},
pages = {525-532}
}